<collection xmlns="http://www.loc.gov/MARC21/slim">
<record>
  <leader>02913nam0a2200469 i 450 </leader>
  <controlfield tag="001">IT\ICCU\CNCE\051075</controlfield>
  <controlfield tag="005">20050711000000.0</controlfield>
  <datafield tag="012" ind1=" " ind2=" ">
    <subfield code="a">i.i. lael d-ur miui (3) 1536 (R)</subfield>
    <subfield code="2">fei</subfield>
  </datafield>
  <datafield tag="100" ind1=" " ind2=" ">
    <subfield code="a">20000920d1536        0itac0103    ba</subfield>
  </datafield>
  <datafield tag="101" ind1=" " ind2=" ">
    <subfield code="a">LAT</subfield>
  </datafield>
  <datafield tag="102" ind1=" " ind2=" ">
    <subfield code="a">IT</subfield>
  </datafield>
  <datafield tag="200" ind1="1" ind2=" ">
    <subfield code="a">Libellus de imitatione Christi qui dicitur Ioannis Gerson</subfield>
  </datafield>
  <datafield tag="210" ind1=" " ind2=" ">
    <subfield code="a">Venetijs</subfield>
    <subfield code="c">in officina diui Bernardini</subfield>
    <subfield code="d">1536</subfield>
    <subfield code="e">Venetijs</subfield>
    <subfield code="g">per dominum Bernardinum Stagninum de Tridino</subfield>
    <subfield code="h">1537</subfield>
  </datafield>
  <datafield tag="215" ind1=" " ind2=" ">
    <subfield code="a">143, \1! c.</subfield>
    <subfield code="d">16ʻ</subfield>
  </datafield>
  <datafield tag="300" ind1=" " ind2=" ">
    <subfield code="a">Opera di incerto autore, attribuita sia a Jean Charlier de Gerson sia a Thomas a Kempis</subfield>
  </datafield>
  <datafield tag="500" ind1="1" ind2="1">
    <subfield code="3">IT\ICCU\CNCE\016163</subfield>
    <subfield code="a">De imitatione Christi</subfield>
  </datafield>
  <datafield tag="620" ind1=" " ind2=" ">
    <subfield code="a">IT</subfield>
    <subfield code="d">Venezia</subfield>
  </datafield>
  <datafield tag="702" ind1=" " ind2="1">
    <subfield code="a">Gerson,</subfield>
    <subfield code="b">Jean Charlier : de</subfield>
    <subfield code="3">IT\ICCU\CNCA\001101</subfield>
  </datafield>
  <datafield tag="702" ind1=" " ind2="0">
    <subfield code="a">Thomas</subfield>
    <subfield code="c"> : a#Kempis</subfield>
    <subfield code="3">IT\ICCU\CNCA\008162</subfield>
  </datafield>
  <datafield tag="712" ind1="0" ind2="0">
    <subfield code="a">Stagnino, Bernardino</subfield>
    <subfield code="c"> &lt;1.&gt;</subfield>
    <subfield code="3">IT\ICCU\CNCT\000489</subfield>
    <subfield code="4">650</subfield>
  </datafield>
  <datafield tag="790" ind1=" " ind2="1">
    <subfield code="a">Charlier De Gerson,</subfield>
    <subfield code="b">Jean</subfield>
    <subfield code="3">IT\ICCU\CNCA\007956</subfield>
    <subfield code="z">Gerson, Jean Charlier : de</subfield>
  </datafield>
  <datafield tag="790" ind1=" " ind2="1">
    <subfield code="a">Gerson,</subfield>
    <subfield code="b">Joannes</subfield>
    <subfield code="3">IT\ICCU\CNCA\014120</subfield>
    <subfield code="z">Gerson, Jean Charlier : de</subfield>
  </datafield>
  <datafield tag="790" ind1=" " ind2="1">
    <subfield code="a">Haemmerlein,</subfield>
    <subfield code="b">Thomas : a#Kempis</subfield>
    <subfield code="3">IT\ICCU\CNCA\014315</subfield>
    <subfield code="z">Thomas : a#Kempis</subfield>
  </datafield>
  <datafield tag="790" ind1=" " ind2="1">
    <subfield code="a">Kempis,</subfield>
    <subfield code="b">Thomas : a</subfield>
    <subfield code="3">IT\ICCU\CNCA\014553</subfield>
    <subfield code="z">Thomas : a#Kempis</subfield>
  </datafield>
  <datafield tag="791" ind1="0" ind2="2">
    <subfield code="a">Bernardinus de Tridino</subfield>
    <subfield code="3">IT\ICCU\CNCT\003611</subfield>
    <subfield code="z">Stagnino, Bernardino &lt;1.&gt;</subfield>
  </datafield>
  <datafield tag="791" ind1="0" ind2="0">
    <subfield code="a">Tridino, Bernardinus de</subfield>
    <subfield code="3">IT\ICCU\CNCT\003612</subfield>
    <subfield code="z">Stagnino, Bernardino &lt;1.&gt;</subfield>
  </datafield>
  <datafield tag="791" ind1="0" ind2="0">
    <subfield code="a">Iolitus de Ferrariis, Bernardinus</subfield>
    <subfield code="3">IT\ICCU\CNCT\005735</subfield>
    <subfield code="z">Stagnino, Bernardino &lt;1.&gt;</subfield>
  </datafield>
  <datafield tag="791" ind1="0" ind2="0">
    <subfield code="a">Stagninus, Bernardinus</subfield>
    <subfield code="c"> &lt;1.&gt;</subfield>
    <subfield code="3">IT\ICCU\CNCT\005736</subfield>
    <subfield code="z">Stagnino, Bernardino &lt;1.&gt;</subfield>
  </datafield>
  <datafield tag="801" ind1=" " ind2="3">
    <subfield code="a">IT</subfield>
    <subfield code="b">ICCU</subfield>
    <subfield code="c">20201115</subfield>
  </datafield>
  <datafield tag="899" ind1=" " ind2=" ">
    <subfield code="a">Biblioteca comunale Publio Ovidio Nasone. Sulmona</subfield>
    <subfield code="1">AQ0109</subfield>
    <subfield code="2">ZAQ 04</subfield>
  </datafield>
  <datafield tag="899" ind1=" " ind2=" ">
    <subfield code="a">Biblioteca civica A. Mai. Bergamo</subfield>
    <subfield code="1">BG0026</subfield>
    <subfield code="2">LO1 02</subfield>
  </datafield>
  <datafield tag="899" ind1=" " ind2=" ">
    <subfield code="a">Biblioteca Apostolica Vaticana. Citt ̉del Vaticano</subfield>
    <subfield code="1">EX0001</subfield>
    <subfield code="2">ZCV 01</subfield>
  </datafield>
  <datafield tag="899" ind1=" " ind2=" ">
    <subfield code="a">Biblioteca comunale Scipione Gentili. San Ginesio</subfield>
    <subfield code="1">MC0073</subfield>
    <subfield code="2">UMC CS</subfield>
  </datafield>
  <datafield tag="899" ind1=" " ind2=" ">
    <subfield code="a">Biblioteca del Seminario Vescovile della Facolt ̉Teologica del Triveneto dell&apos;Istituto Filosofico Aloisianum. Padova</subfield>
    <subfield code="1">PD0073</subfield>
    <subfield code="2">PUV 01</subfield>
  </datafield>
  <datafield tag="899" ind1=" " ind2=" ">
    <subfield code="a">Biblioteca del Monastero benedettino Santa Caterina di Alessandria. Fondo Cappuccini. Cittaducale</subfield>
    <subfield code="1">RI0168</subfield>
    <subfield code="2">ZRI 09</subfield>
  </datafield>
  <datafield tag="899" ind1=" " ind2=" ">
    <subfield code="a">Biblioteca statale del Monumento nazionale S. Scolastica. Subiaco</subfield>
    <subfield code="1">RM0602</subfield>
    <subfield code="2">BVE SU</subfield>
  </datafield>
  <datafield tag="899" ind1=" " ind2=" ">
    <subfield code="a">Fondazione Biblioteca S. Bernardino. Trento</subfield>
    <subfield code="1">TN0122</subfield>
    <subfield code="2">ZTN 18</subfield>
  </datafield>
  <datafield tag="899" ind1=" " ind2=" ">
    <subfield code="a">Biblioteca diocesana  Beata Lucia Broccadelli. Narni</subfield>
    <subfield code="z">MUTILO</subfield>
    <subfield code="1">TR0059</subfield>
    <subfield code="2">UM1 77</subfield>
  </datafield>
  <datafield tag="911" ind1=" " ind2=" ">
    <subfield code="a">sul front</subfield>
    <subfield code="9">IT\ICCU\CNCM\000501</subfield>
  </datafield>
  <datafield tag="911" ind1=" " ind2=" ">
    <subfield code="a">Nel coloph.</subfield>
    <subfield code="9">IT\ICCU\CNCM\000696</subfield>
  </datafield>
  <datafield tag="921" ind1=" " ind2=" ">
    <subfield code="a">IT\ICCU\CNCM\000501</subfield>
    <subfield code="b">S. Bernardino da Siena con disco radiante con monogramma di Cristo IHS e mitra in basso. In cornice</subfield>
    <subfield code="c">K313</subfield>
    <subfield code="c">V484</subfield>
    <subfield code="c">Z179</subfield>
    <subfield code="d">cm. 3,4x5.1</subfield>
    <subfield code="f">BERNARDINO</subfield>
    <subfield code="f">DISCO</subfield>
    <subfield code="f">IHS</subfield>
    <subfield code="f">MITRA</subfield>
    <subfield code="g">1510-1538</subfield>
  </datafield>
  <datafield tag="921" ind1=" " ind2=" ">
    <subfield code="a">IT\ICCU\CNCM\000696</subfield>
    <subfield code="b">Cuore con croce latina e iniziali S.(rovesciata) B.</subfield>
    <subfield code="e">laus deo</subfield>
    <subfield code="c">K311</subfield>
    <subfield code="c">Z422</subfield>
    <subfield code="d">Dimensioni : 3,4 x 4,5</subfield>
    <subfield code="f">CROCE</subfield>
    <subfield code="f">CUORE</subfield>
    <subfield code="f">SB</subfield>
    <subfield code="g">1521-1537</subfield>
  </datafield>
</record>
</collection>
